
@book{BrockwellDavis:1991,
	author  = {Brockwell, P.~J. and Davis, R.~A.},
	year = 1991,
	title = {{Time Series: Theory and Methods}},
	publisher = {Springer Verlag},
	address = {New York}
}

@book{Hamilton:1994,
	author  = {Hamilton, J.~D.},
	year = 1994,
	title = {{Time Series Analysis}},
	publisher = {Princeton University Press},
	address = {Princeton, New Jersey}
}

@book{PeressiniSullivanUhl:1991,
	author  = {Peressini, A.~L. and Sullivan, F. ~E. and Uhl, J.~J. Jr.},
	year = 1988,
	title = {{The Mathematics of Nonlinear Programming}},
	publisher = {Springer Verlag},
	address = {New York}
}

@book{Skiadas:2009,
	author  = {Skiadas, C.},
	year = 2009,
	title = {{Asset Pricing Theory}},
	publisher = {Princeton University Press},
	address = {Princeton, New Jersey}
}

@article{DomokosIngramMarsh:2016,
        author = {Domokos, A. and Ingram, J. ~M. and Marsh, M. ~M.},
        title = {Projections onto Closed Convex Sets in Hilbert Spaces},
        journal = {Acta Mathematica Hungarica},
        year = {2016}
}

@article{Bosq:2014,
        author = {Bosq, D.},
        title = {Computing the best linear predictor in a Hilbert space. Applications to general ARMAH processes},
        journal = {Journal of Multivariate Analysis, Elsevier},
        volume = {124C},
        pages = {436-450},
        year = {2014}
}

